<?xml version="1.0" encoding="UTF-8"?><collection xmlns="http://www.loc.gov/MARC21/slim"><record><leader>00409nam--2200157-i-4500</leader><controlfield tag="001">000048463</controlfield><controlfield tag="002">20161230</controlfield><controlfield tag="005">20170208132141</controlfield><controlfield tag="008">060222s1000------------r-----000-0-eng-d</controlfield><datafield ind1=" " ind2=" " tag="080"><subfield code="a">681.325.625</subfield></datafield><datafield ind1=" " ind2=" " tag="245"><subfield code="a">Avtomatizaciia proektirovania slozhnyh logicheskih struktur</subfield></datafield><datafield ind1=" " ind2=" " tag="260"><subfield code="a">Moskva</subfield><subfield code="b">Izd.Energia</subfield><subfield code="c">1978</subfield></datafield><datafield ind1=" " ind2=" " tag="300"><subfield code="a">351 p</subfield></datafield><datafield ind1=" " ind2=" " tag="700"><subfield code="a">Gorbatova, V. A</subfield></datafield><datafield ind1=" " ind2=" " tag="852"><subfield code="a">47353</subfield></datafield><datafield ind1=" " ind2=" " tag="CAT"><subfield code="a">SYS</subfield><subfield code="c">20170208</subfield><subfield code="h">132141</subfield></datafield></record></collection>